<?xml version="1.0" encoding="UTF-8"?>
<collection
  xmlns:xsi="http://www.w3.org/2001/XMLSchema-instance"
  xsi:schemaLocation="http://www.loc.gov/MARC21/slim http://www.loc.gov/standards/marcxml/schema/MARC21slim.xsd"
  xmlns="http://www.loc.gov/MARC21/slim">

<record>
  <leader>05478ckdaa2200673 u 4500</leader>
  <controlfield tag="001">3462125</controlfield>
  <controlfield tag="005">20070619120915.0</controlfield>
  <controlfield tag="008">890406m19061907xx ||| |||||||   1 |eng d</controlfield>
  <datafield tag="035" ind1=" " ind2=" ">
    <subfield code="a">(CStRLIN)NYDA89-F406</subfield>
  </datafield>
  <datafield tag="035" ind1=" " ind2=" ">
    <subfield code="9">AAA2596AD</subfield>
  </datafield>
  <datafield tag="035" ind1=" " ind2=" ">
    <subfield code="a">(NNC)3462125</subfield>
  </datafield>
  <datafield tag="040" ind1=" " ind2=" ">
    <subfield code="a">NNC</subfield>
    <subfield code="c">NNC</subfield>
    <subfield code="e">gihc</subfield>
  </datafield>
  <datafield tag="043" ind1=" " ind2=" ">
    <subfield code="a">n-us-ca</subfield>
  </datafield>
  <datafield tag="110" ind1="2" ind2=" ">
    <subfield code="a">Greene &amp; Greene.</subfield>
  </datafield>
  <datafield tag="240" ind1="1" ind2="0">
    <subfield code="a">Freeman A. Ford house (Pasadena, Calif.)</subfield>
  </datafield>
  <datafield tag="245" ind1="1" ind2="0">
    <subfield code="a">Residence for Freeman A. Ford, Esq., at Pasadena, Cal.</subfield>
    <subfield code="h">[graphic] :</subfield>
    <subfield code="b">[with] garage /</subfield>
    <subfield code="c">Greene &amp; Greene, architects.</subfield>
  </datafield>
  <datafield tag="260" ind1=" " ind2=" ">
    <subfield code="c">[19]06-[19]07.</subfield>
  </datafield>
  <datafield tag="300" ind1=" " ind2=" ">
    <subfield code="a">18 sheets :</subfield>
    <subfield code="b">various media ;</subfield>
    <subfield code="c">50.3 x 61.4 cm. (19 7/8 x 24 2/8 in.) or smaller.</subfield>
  </datafield>
  <datafield tag="500" ind1=" " ind2=" ">
    <subfield code="a">Scale varies.</subfield>
  </datafield>
  <datafield tag="500" ind1=" " ind2=" ">
    <subfield code="a">Bracketed title elements supplied by cataloger or taken from inventory.</subfield>
  </datafield>
  <datafield tag="500" ind1=" " ind2=" ">
    <subfield code="a">Forms part of the Greene &amp; Greene collection of architectural drawings; job no. 219.</subfield>
  </datafield>
  <datafield tag="500" ind1=" " ind2=" ">
    <subfield code="a">This set consists of 8 blueprints with crayon markings on paper, 3 ink drawings with pencil markings on cloth, 2 blueprints on paper, 2 pencil drawings on paper, 1 blueprint with pencil markings on paper, 1 crayon drawing with pencil on paper, and 1 ink drawing on cloth with pencil markings and also with ink wash applied to the verso.</subfield>
  </datafield>
  <datafield tag="561" ind1=" " ind2=" ">
    <subfield code="a">Gift of Jean Murray Bangs (Mrs. Harwell Hamilton Harris), 1960; formerly the collection of Charles Sumner Greene.</subfield>
  </datafield>
  <datafield tag="650" ind1=" " ind2="7">
    <subfield code="a">Houses.</subfield>
    <subfield code="2">aat</subfield>
  </datafield>
  <datafield tag="650" ind1=" " ind2="7">
    <subfield code="a">Garages.</subfield>
    <subfield code="2">aat</subfield>
  </datafield>
  <datafield tag="655" ind1=" " ind2="7">
    <subfield code="a">Detail drawings.</subfield>
    <subfield code="2">aat</subfield>
  </datafield>
  <datafield tag="655" ind1=" " ind2="7">
    <subfield code="a">Sketches.</subfield>
    <subfield code="2">aat</subfield>
  </datafield>
  <datafield tag="655" ind1=" " ind2="7">
    <subfield code="a">Architectural Drawings</subfield>
    <subfield code="x">American.</subfield>
    <subfield code="2">aat</subfield>
  </datafield>
  <datafield tag="655" ind1=" " ind2="7">
    <subfield code="a">Orthograpic drawings.</subfield>
    <subfield code="2">aat</subfield>
  </datafield>
  <datafield tag="691" ind1=" " ind2="0">
    <subfield code="a">Pasadena (Calif.)</subfield>
  </datafield>
  <datafield tag="650" ind1=" " ind2="0">
    <subfield code="a">Architecture</subfield>
    <subfield code="z">United States</subfield>
    <subfield code="v">Designs and plans.</subfield>
  </datafield>
  <datafield tag="697" ind1="2" ind2="4">
    <subfield code="a">Freeman A. Ford house (Pasadena, Calif.)</subfield>
  </datafield>
  <datafield tag="700" ind1="1" ind2=" ">
    <subfield code="a">Greene, Charles Sumner,</subfield>
    <subfield code="d">1868-1957.</subfield>
  </datafield>
  <datafield tag="700" ind1="1" ind2=" ">
    <subfield code="a">Greene, Henry Mather,</subfield>
    <subfield code="d">1870-1954.</subfield>
  </datafield>
  <datafield tag="755" ind1=" " ind2=" ">
    <subfield code="a">Blueprints.</subfield>
    <subfield code="2">aat</subfield>
  </datafield>
  <datafield tag="755" ind1=" " ind2=" ">
    <subfield code="a">Ink drawings.</subfield>
    <subfield code="2">aat</subfield>
  </datafield>
  <datafield tag="755" ind1=" " ind2=" ">
    <subfield code="a">Pencil drawings.</subfield>
    <subfield code="2">aat</subfield>
  </datafield>
  <datafield tag="755" ind1=" " ind2=" ">
    <subfield code="a">Crayon drawings.</subfield>
    <subfield code="2">aat</subfield>
  </datafield>
  <datafield tag="755" ind1=" " ind2=" ">
    <subfield code="a">Ink wash drawings.</subfield>
    <subfield code="2">aat</subfield>
  </datafield>
  <datafield tag="799" ind1="4" ind2="3">
    <subfield code="a">The Greene &amp; Greene collection of architectural drawings.</subfield>
  </datafield>
  <datafield tag="789" ind1="0" ind2=" ">
    <subfield code="1">[1]</subfield>
    <subfield code="i">NYDA.1960.001.01219.</subfield>
    <subfield code="v">[AVERYimage].</subfield>
    <subfield code="t">Foundation plan, section "A-A" :</subfield>
    <subfield code="n">Sheet no. 1,</subfield>
    <subfield code="d">Sept. 21st, '06, rev. June 26th, '07.</subfield>
  </datafield>
  <datafield tag="789" ind1="0" ind2=" ">
    <subfield code="1">[2]</subfield>
    <subfield code="i">NYDA.1960.001.01220.</subfield>
    <subfield code="v">[AVERYimage].</subfield>
    <subfield code="t">Foundation plan, section "A-A" :</subfield>
    <subfield code="n">Sheet no. 1,</subfield>
    <subfield code="d">Sept. 21st, '06.</subfield>
  </datafield>
  <datafield tag="789" ind1="0" ind2=" ">
    <subfield code="1">[3]</subfield>
    <subfield code="i">NYDA.1960.001.01221.</subfield>
    <subfield code="v">[AVERYimage].</subfield>
    <subfield code="t">Foundation plan, section "A-A" :</subfield>
    <subfield code="n">Sheet no. 1,</subfield>
    <subfield code="d">Sept. 21st, '06, rev. June 26th, '07.</subfield>
  </datafield>
  <datafield tag="789" ind1="0" ind2=" ">
    <subfield code="1">[4]</subfield>
    <subfield code="i">NYDA.1960.001.01222.</subfield>
    <subfield code="v">[AVERYimage].</subfield>
    <subfield code="t">Foundation plan, section "A-A" :</subfield>
    <subfield code="n">Sheet no. 1,</subfield>
    <subfield code="d">Sept. 21st, 06'.</subfield>
    <subfield code="o">"Note -- all doors are 6'-4" high".</subfield>
  </datafield>
  <datafield tag="789" ind1="0" ind2=" ">
    <subfield code="1">[5]</subfield>
    <subfield code="i">NYDA.1960.001.01223.</subfield>
    <subfield code="v">[AVERYimage].</subfield>
    <subfield code="t">[Ground] floor plan :</subfield>
    <subfield code="n">Sheet no. 2,</subfield>
    <subfield code="d">Sept. 21st, '06, rev. June 26th, '07.</subfield>
  </datafield>
  <datafield tag="789" ind1="0" ind2=" ">
    <subfield code="1">[6]</subfield>
    <subfield code="i">NYDA.1960.001.01224.</subfield>
    <subfield code="v">[AVERYimage].</subfield>
    <subfield code="t">[Ground] floor plan :</subfield>
    <subfield code="n">Sheet no. 2,</subfield>
    <subfield code="d">Sept. 21st, '06, rev. June 26th, '07.</subfield>
  </datafield>
  <datafield tag="789" ind1="0" ind2=" ">
    <subfield code="1">[7]</subfield>
    <subfield code="i">NYDA.1960.001.01225.</subfield>
    <subfield code="v">[AVERYimage].</subfield>
    <subfield code="t">[Ground] floor plan :</subfield>
    <subfield code="n">Sheet no. 2,</subfield>
    <subfield code="d">Sept. 21st, '06, rev. June 26th, '07.</subfield>
  </datafield>
  <datafield tag="789" ind1="0" ind2=" ">
    <subfield code="1">[8]</subfield>
    <subfield code="i">NYDA.1960.001.01226.</subfield>
    <subfield code="v">[AVERYimage].</subfield>
    <subfield code="t">East elevation ; west elevation ; [interior elevations] -- bedroom #3 north side [and] south side ; den east side, south side [and] west side :</subfield>
    <subfield code="n">Sheet no. 3,</subfield>
    <subfield code="d">Sept. 21st, '06, rev. June 26th, '07.</subfield>
  </datafield>
  <datafield tag="789" ind1="0" ind2=" ">
    <subfield code="1">[9]</subfield>
    <subfield code="i">NYDA.1960.001.01227.</subfield>
    <subfield code="v">[AVERYimage].</subfield>
    <subfield code="t">East elevation ; west elevation ; [interior] elevations] -- bedroom #3 north side [and] south side [and] west side :</subfield>
    <subfield code="n">Sheet no. 3,</subfield>
    <subfield code="d">Sept. 21st, '06.</subfield>
  </datafield>
  <datafield tag="789" ind1="0" ind2=" ">
    <subfield code="1">[10]</subfield>
    <subfield code="i">NYDA.1960.001.01228.</subfield>
    <subfield code="v">[AVERYimage].</subfield>
    <subfield code="t">[Elevations] -- court east side, court south side, south sdie of nursery, north side of dining r'm, south side of dining r'm, west side of dining r'm, east side of dining r'm, east side of hall, east side of living r'm, west side of living r'm :</subfield>
    <subfield code="n">Sheet no. 4,</subfield>
    <subfield code="d">Sept. 21st, '06, rev. June 26th, '07.</subfield>
  </datafield>
  <datafield tag="789" ind1="0" ind2=" ">
    <subfield code="1">[11]</subfield>
    <subfield code="i">NYDA.1960.001.01229.</subfield>
    <subfield code="v">[AVERYimage].</subfield>
    <subfield code="t">[Elevations] -- court east side, court south side, south side of nursery, north side of dining r'm, south side of dining r'm, end view of mantel, east side of living r'm, west side of living r'm :</subfield>
    <subfield code="n">Sheet no. 4,</subfield>
    <subfield code="d">Sept. 21st, '06.</subfield>
  </datafield>
  <datafield tag="789" ind1="0" ind2=" ">
    <subfield code="1">[12]</subfield>
    <subfield code="i">NYDA.1960.001.01230.</subfield>
    <subfield code="v">[AVERYimage].</subfield>
    <subfield code="t">Front door [in elevation and full size] section :</subfield>
    <subfield code="n">Sheet no. 1.</subfield>
    <subfield code="o">Encapsulated in mylar.</subfield>
  </datafield>
  <datafield tag="789" ind1="0" ind2=" ">
    <subfield code="1">[13]</subfield>
    <subfield code="i">NYDA.1960.001.01231.</subfield>
    <subfield code="v">[AVERYimage].</subfield>
    <subfield code="t">Garage -- plan, end elevation, front elevation [with section through wall] :</subfield>
    <subfield code="n">Sheet no. 1,</subfield>
    <subfield code="d">Sept. 16th, '07.</subfield>
    <subfield code="o">Encapsulated in mylar.</subfield>
  </datafield>
  <datafield tag="789" ind1="0" ind2=" ">
    <subfield code="1">[14]</subfield>
    <subfield code="i">NYDA.1960.001.01232.</subfield>
    <subfield code="v">[AVERYimage].</subfield>
    <subfield code="t">Garage -- plan, end elevation, front elevation [with section through wall] :</subfield>
    <subfield code="n">Sheet no. 1,</subfield>
    <subfield code="d">Sept. 16th, '07.</subfield>
    <subfield code="o">Encapsulated in mylar.</subfield>
  </datafield>
  <datafield tag="789" ind1="0" ind2=" ">
    <subfield code="1">[15]</subfield>
    <subfield code="i">NYDA.1960.001.01233.</subfield>
    <subfield code="v">[AVERYimage].</subfield>
    <subfield code="t">Garage -- plan, end elevation, front elevation [with section through wall] :</subfield>
    <subfield code="n">Sheet no. 1,</subfield>
    <subfield code="d">Sept. 16th, '07.</subfield>
    <subfield code="o">Encapsulated in mylar.</subfield>
  </datafield>
  <datafield tag="789" ind1="0" ind2=" ">
    <subfield code="1">[16]</subfield>
    <subfield code="i">NYDA.1960.001.01234.</subfield>
    <subfield code="v">[AVERYimage].</subfield>
    <subfield code="t">Garage -- plan, end elevation, front elevation [with section through wall] :</subfield>
    <subfield code="n">Sheet no. 1,</subfield>
    <subfield code="d">Sept. 16th, '07.</subfield>
    <subfield code="o">Encapsulated in mylar.</subfield>
  </datafield>
  <datafield tag="789" ind1="0" ind2=" ">
    <subfield code="1">[17]</subfield>
    <subfield code="i">NYDA.1960.001.01235.</subfield>
    <subfield code="v">[AVERYimage].</subfield>
    <subfield code="t">Garage -- plan, end elevation, front elevation [with section through wall] :</subfield>
    <subfield code="n">Sheet no. 1,</subfield>
    <subfield code="d">Sept. 16th, '07.</subfield>
    <subfield code="o">Encapsulated in mylar.</subfield>
  </datafield>
  <datafield tag="789" ind1="0" ind2=" ">
    <subfield code="1">[18]</subfield>
    <subfield code="i">NYDA.1960.001.01236.</subfield>
    <subfield code="v">[AVERYimage].</subfield>
    <subfield code="t">[Unidentified rough sketches with notes].</subfield>
    <subfield code="o">Sketches done on backing paper for roll of drawings.</subfield>
    <subfield code="o">"Set no. 6, elc. wiring".</subfield>
    <subfield code="o">Encapsulated in mylar.</subfield>
  </datafield>
  <datafield tag="900" ind1=" " ind2=" ">
    <subfield code="a">AUTH</subfield>
  </datafield>
</record>

</collection>